<?xml version="1.0" encoding="UTF-8"?><collection xmlns="http://www.loc.gov/MARC21/slim"><record><leader>00362nam--2200109-i-4500</leader><controlfield tag="001">000025504</controlfield><controlfield tag="002">20161230</controlfield><controlfield tag="005">20161230201036</controlfield><controlfield tag="008">060222s1000------------r-----000-0-eng-d</controlfield><datafield ind1=" " ind2=" " tag="245"><subfield code="a">Journees internationales de calcul analogique - international analogy computation meeting. bruxelles, 1955. actes</subfield></datafield><datafield ind1=" " ind2=" " tag="260"><subfield code="a">Bruxelles, Org.Commitee, 1956, Xxviii + 534p</subfield></datafield><datafield ind1=" " ind2=" " tag="852"><subfield code="a">12210</subfield></datafield></record></collection>